@article{Langtangen2016,
	author = {Langtangen, Hans Petter and Pedersen, Geir K},
	doi = {10.1007/978-3-319-32726-6},
	file = {:Users/jess/Documents/Mendeley Desktop/Langtangen, Pedersen{\_}2016{\_}Scaling of Differential Equations.pdf:pdf},
	isbn = {978-3-319-32725-9},
	title = {{Scaling of Differential Equations}},
	url = {https://github.com/hplgit/scaling-book},
	year = {2016}
}

@misc{sheet,
	author = {Nordam, Tor},
	year = 2021,
	title = {{Exercise 3 - Computational physics TFY4235}}	
}

@misc{tdma,
	title = {{Tridiagonal matrix algorithm - Wikipedia}},
	url = {https://en.wikipedia.org/wiki/Tridiagonal_matrix_algorithm},
	urldate = {2021-04-26},
	note = {Available \href{https://en.wikipedia.org/wiki/Tridiagonal_matrix_algorithm}{here}}
}

@book{suli, place={Cambridge}, title={An Introduction to Numerical Analysis}, DOI={10.1017/CBO9780511801181}, publisher={Cambridge University Press}, author={SÃ¼li, Endre and Mayers, David F.}, year={2003}}